@book{handbook, place={Amsterdam}, title="{Handbook of knowledge representation}", publisher={Elsevier}, author={Harmelen, Frank Van and Lifschitz, Vladimir and Porter, Bruce}, year={2010}}

@book{handbook_sat, place={Amsterdam}, title={Handbook of satisfiability}, publisher={IOS Press}, year={2009}}

@misc{swords, title="{Basics of SAT Solving Algorithms}", journal={https://www.cs.utexas.edu/users/moore/acl2/seminar/2008.12.10-swords/sat.pdf}, author={Swords}, year={2008}, month={Dec}}

@misc{katz, title="{Algorithms for SAT}", url={https://www.cis.upenn.edu/~cis189/files/Lecture3.pdf}, journal={Algorithms for SAT}, author={Katz, Jediah}}

@article{restarts,
author = {Gomes, Carla and Selman, Bart and Kautz, Henry},
year = {2003},
month = {03},
pages = {},
title = {Boosting Combinatorial Search Through Randomization},
journal = {Proceedings of the National Conference on Artificial Intelligence}
}

@article{backtrack, title={Forward reasoning and dependency-directed backtracking in a system for computer-aided circuit analysis}, volume={9}, DOI={10.1016/0004-3702(77)90029-7}, number={2}, journal={Artificial Intelligence}, author={Stallman, Richard M. and Sussman, Gerald J.}, year={1977}, pages={135â€“196}}

@article{chaff, title={Chaff: engineering an efficient SAT solver}, DOI={10.1109/dac.2001.935565}, journal={Proceedings of the 38th Design Automation Conference (IEEE Cat. No.01CH37232)}, author={Moskewicz, M.w. and Madigan, C.f. and Zhao, Y. and Zhang, L. and Malik, S.}}

