@book{handbook, place={Amsterdam}, title={Handbook of knowledge representation}, publisher={Elsevier}, author={Harmelen, Frank Van and Lifschitz, Vladimir and Porter, Bruce}, year={2010}}
